<record><leader>00000cas a2200000 a 4500</leader><controlfield tag="001">37203511</controlfield><controlfield tag="008">970626d19721972oruwr ne      0    0eng c</controlfield><datafield ind1=" " ind2=" " tag="010"><subfield code="a">sn 96088422 </subfield></datafield><datafield ind1=" " ind2=" " tag="040"><subfield code="a">OCN</subfield><subfield code="b">eng</subfield><subfield code="c">OCN</subfield><subfield code="d">OCLCQ</subfield><subfield code="d">OCLCO</subfield><subfield code="d">OCLCF</subfield><subfield code="d">OCL</subfield></datafield><datafield ind1=" " ind2=" " tag="042"><subfield code="a">pcc</subfield></datafield><datafield ind1=" " ind2=" " tag="043"><subfield code="a">n-us-or</subfield></datafield><datafield ind1="0" ind2=" " tag="130"><subfield code="a">Bulletin board (Mollalla, Or.)</subfield></datafield><datafield ind1="1" ind2="4" tag="245"><subfield code="a">The Bulletin board.</subfield></datafield><datafield ind1=" " ind2=" " tag="260"><subfield code="a">Molalla, Or. :</subfield><subfield code="b">Molalla Print. and Graphics</subfield></datafield><datafield ind1=" " ind2=" " tag="300"><subfield code="a">v.</subfield></datafield><datafield ind1=" " ind2=" " tag="310"><subfield code="a">Weekly</subfield></datafield><datafield ind1="1" ind2=" " tag="362"><subfield code="a">Began in 1972; ceased in 1972?</subfield></datafield><datafield ind1=" " ind2=" " tag="588"><subfield code="a">Description based on: Vol. 1, no. 9 (Oct. 25 [1972]).</subfield></datafield><datafield ind1=" " ind2="0" tag="651"><subfield code="a">Molalla (Or.)</subfield><subfield code="v">Newspapers.</subfield></datafield><datafield ind1=" " ind2="7" tag="651"><subfield code="a">Oregon</subfield><subfield code="z">Molalla (Civil jurisdiction)</subfield><subfield code="2">fast</subfield><subfield code="0">(OCoLC)fst01735717</subfield></datafield><datafield ind1=" " ind2="7" tag="655"><subfield code="a">Newspapers.</subfield><subfield code="2">fast</subfield><subfield code="0">(OCoLC)fst01423814</subfield></datafield><datafield ind1=" " ind2=" " tag="752"><subfield code="a">United States</subfield><subfield code="b">Oregon</subfield><subfield code="c">Clackamas</subfield><subfield code="d">Molalla.</subfield></datafield><datafield ind1="0" ind2="0" tag="785"><subfield code="t">Bulletin (Molalla, Or.)</subfield><subfield code="w">(DLC)sn 96088423</subfield></datafield><datafield ind1="1" ind2=" " tag="029"><subfield code="a">AU@</subfield><subfield code="b">000013334164</subfield></datafield></record>